@article{liu2010link,
  title={Link prediction based on local random walk},
  author={Liu, Weiping and L{\"u}, Linyuan},
  journal={EPL (Europhysics Letters)},
  volume={89},
  number={5},
  pages={58007},
  year={2010},
  publisher={IOP Publishing}
}

@article{csermely2006weak,
  title={Weak links: Stabilizers of complex systems from proteins to social networks},
  author={Csermely, Peter},
  journal={Weak Links: Stabilizers of Complex Systems from Proteins to Social Networks, by Peter Csermely. 2006 XX, 408 p. 37 illus. 3-540-31151-3. Berlin: Springer, 2006.},
  pages={37},
  year={2006}
}

@inproceedings{grover2016node2vec,
  title={node2vec: Scalable feature learning for networks},
  author={Grover, Aditya and Leskovec, Jure},
  booktitle={Proceedings of the 22nd ACM SIGKDD international conference on Knowledge discovery and data mining},
  pages={855--864},
  year={2016},
  organization={ACM}
}

@inproceedings{tang2015line,
  title={Line: Large-scale information network embedding},
  author={Tang, Jian and Qu, Meng and Wang, Mingzhe and Zhang, Ming and Yan, Jun and Mei, Qiaozhu},
  booktitle={Proceedings of the 24th International Conference on World Wide Web},
  pages={1067--1077},
  year={2015},
  organization={International World Wide Web Conferences Steering Committee}
}

@inproceedings{perozzi2014deepwalk,
  title={Deepwalk: Online learning of social representations},
  author={Perozzi, Bryan and Al-Rfou, Rami and Skiena, Steven},
  booktitle={Proceedings of the 20th ACM SIGKDD international conference on Knowledge discovery and data mining},
  pages={701--710},
  year={2014},
  organization={ACM}
}

@techreport{potamias2009nearest,
  title={Nearest-neighbor queries in probabilistic graphs},
  author={Potamias, Michalis and Bonchi, Francesco and Gionis, Aristides and Kollios, George},
  year={2009},
  institution={Boston University Computer Science Department}
}

@inproceedings{pfeiffer2010probabilistic,
  title={Probabilistic paths and centrality in time},
  author={Pfeiffer, Joseph J and Neville, Jennifer},
  booktitle={In Proceedings of the 4th SNA-KDD Workshop, KDD},
  year={2010}
}

@inproceedings{pfeiffer2011methods,
  title={Methods to Determine Node Centrality and Clustering in Graphs with Uncertain Structure.},
  author={Pfeiffer III, Joseph J and Neville, Jennifer},
  booktitle={ICWSM},
  year={2011}
}

@article{adar2007managing,
  title={Managing uncertainty in social networks.},
  author={Adar, Eytan and Re, Christopher},
  journal={IEEE Data Eng. Bull.},
  volume={30},
  number={2},
  pages={15--22},
  year={2007}
}

@inproceedings{sevon2006link,
  title={Link discovery in graphs derived from biological databases},
  author={Sevon, Petteri and Eronen, Lauri and Hintsanen, Petteri and Kulovesi, Kimmo and Toivonen, Hannu},
  booktitle={International Workshop on Data Integration in the Life Sciences},
  pages={35--49},
  year={2006},
  organization={Springer}
}

@article{frank1969shortest,
  title={Shortest paths in probabilistic graphs},
  author={Frank, Harary},
  journal={operations research},
  volume={17},
  number={4},
  pages={583--599},
  year={1969},
  publisher={INFORMS}
}

@article{dotson1979new,
  title={A new analysis technique for probabilistic graphs},
  author={Dotson, W and Gobien, J},
  journal={IEEE Transactions on circuits and systems},
  volume={26},
  number={10},
  pages={855--865},
  year={1979},
  publisher={IEEE}
}

@article{evans1976maximum,
  title={Maximum flow in probabilistic graphs-the discrete case},
  author={Evans, JR},
  journal={Networks},
  volume={6},
  number={2},
  pages={161--183},
  year={1976},
  publisher={Wiley Online Library}
}

@article{zou2010mining,
  title={Mining frequent subgraph patterns from uncertain graph data},
  author={Zou, Zhaonian and Li, Jianzhong and Gao, Hong and Zhang, Shuo},
  journal={IEEE Transactions on Knowledge and Data Engineering},
  volume={22},
  number={9},
  pages={1203--1218},
  year={2010},
  publisher={IEEE}
}

@inproceedings{zou2010finding,
  title={Finding top-k maximal cliques in an uncertain graph},
  author={Zou, Zhaonian and Li, Jianzhong and Gao, Hong and Zhang, Shuo},
  booktitle={Data Engineering (ICDE), 2010 IEEE 26th International Conference on},
  pages={649--652},
  year={2010},
  organization={IEEE}
}

@inproceedings{zou2010discovering,
  title={Discovering frequent subgraphs over uncertain graph databases under probabilistic semantics},
  author={Zou, Zhaonian and Gao, Hong and Li, Jianzhong},
  booktitle={Proceedings of the 16th ACM SIGKDD international conference on Knowledge discovery and data mining},
  pages={633--642},
  year={2010},
  organization={ACM}
}

@book{tarjan1983data,
  title={Data structures and network algorithms},
  author={Tarjan, Robert Endre},
  year={1983},
  publisher={SIAM}
}

@article{eppstein1998finding,
  title={Finding the k shortest paths},
  author={Eppstein, David},
  journal={SIAM Journal on computing},
  volume={28},
  number={2},
  pages={652--673},
  year={1998},
  publisher={SIAM}
}

@article{potamias2010k,
  title={K-nearest neighbors in uncertain graphs},
  author={Potamias, Michalis and Bonchi, Francesco and Gionis, Aristides and Kollios, George},
  journal={Proceedings of the VLDB Endowment},
  volume={3},
  number={1-2},
  pages={997--1008},
  year={2010},
  publisher={VLDB Endowment}
}

@article{dijkstra1959note,
  title={A note on two problems in connexion with graphs},
  author={Dijkstra, Edsger W},
  journal={Numerische mathematik},
  volume={1},
  number={1},
  pages={269--271},
  year={1959},
  publisher={Springer}
}

@techreport{page1999pagerank,
  title={The PageRank citation ranking: Bringing order to the web.},
  author={Page, Lawrence and Brin, Sergey and Motwani, Rajeev and Winograd, Terry},
  year={1999},
  institution={Stanford InfoLab}
}

@article{bonacich1987power,
  title={Power and centrality: A family of measures},
  author={Bonacich, Phillip},
  journal={American journal of sociology},
  volume={92},
  number={5},
  pages={1170--1182},
  year={1987},
  publisher={University of Chicago Press}
}

@article{freeman1977set,
  title={A set of measures of centrality based on betweenness},
  author={Freeman, Linton C},
  journal={Sociometry},
  pages={35--41},
  year={1977},
  publisher={JSTOR}
}

@book{wasserman1994social,
  title={Social network analysis: Methods and applications},
  author={Wasserman, Stanley and Faust, Katherine},
  volume={8},
  year={1994},
  publisher={Cambridge university press}
}

@article{freeman1978centrality,
  title={Centrality in social networks conceptual clarification},
  author={Freeman, Linton Ca},
  journal={Social networks},
  volume={1},
  number={3},
  pages={215--239},
  year={1978},
  publisher={Elsevier}
}

@article{newman2004finding,
  title={Finding and evaluating community structure in networks},
  author={Newman, Mark EJ and Girvan, Michelle},
  journal={Physical review E},
  volume={69},
  number={2},
  pages={026113},
  year={2004},
  publisher={APS}
}

@article{barnes1982algorithm,
  title={An algorithm for partitioning the nodes of a graph},
  author={Barnes, Earl R},
  journal={SIAM Journal on Algebraic Discrete Methods},
  volume={3},
  number={4},
  pages={541--550},
  year={1982},
  publisher={SIAM}
}

@inproceedings{andersen2006local,
  title={Local graph partitioning using pagerank vectors},
  author={Andersen, Reid and Chung, Fan and Lang, Kevin},
  booktitle={Foundations of Computer Science, 2006. FOCS'06. 47th Annual IEEE Symposium on},
  pages={475--486},
  year={2006},
  organization={IEEE}
}

@article{huang2011towards,
  title={Towards online multiresolution community detection in large-scale networks},
  author={Huang, Jianbin and Sun, Heli and Liu, Yaguang and Song, Qinbao and Weninger, Tim},
  journal={PloS one},
  volume={6},
  number={8},
  pages={e23829},
  year={2011},
  publisher={Public Library of Science}
}

@article{luo2008exploring,
  title={Exploring local community structures in large networks},
  author={Luo, Feng and Wang, James Z and Promislow, Eric},
  journal={Web Intelligence and Agent Systems: An International Journal},
  volume={6},
  number={4},
  pages={387--400},
  year={2008},
  publisher={IOS Press}
}

@article{liu2011link,
  title={Link prediction in complex networks: A local na{\"\i}ve Bayes model},
  author={Liu, Zhen and Zhang, Qian-Ming and L{\"u}, Linyuan and Zhou, Tao},
  journal={EPL (Europhysics Letters)},
  volume={96},
  number={4},
  pages={48007},
  year={2011},
  publisher={IOP Publishing}
}

@article{gobel1974random,
  title={Random walks on graphs},
  author={G{\"o}bel, F and Jagers, AA},
  journal={Stochastic processes and their applications},
  volume={2},
  number={4},
  pages={311--336},
  year={1974},
  publisher={Elsevier}
}

@article{jaccard1901etude,
  added-at = {2010-06-14T18:29:43.000+0200},
  author = {Jaccard, Paul},
  biburl = {https://www.bibsonomy.org/bibtex/2224e882aa05e46ae13556fa145dacb06/asalber},
  interhash = {89e6a0896aac402292ea81b79873092d},
  intrahash = {224e882aa05e46ae13556fa145dacb06},
  journal = {Bulletin del la Soci\'{e}t\'{e} Vaudoise des Sciences Naturelles},
  keywords = {similarity},
  pages = {547--579},
  timestamp = {2012-06-07T11:09:06.000+0200},
  title = {\'{E}tude comparative de la distribution florale dans une portion des Alpes et des Jura},
  volume = 37,
  year = 1901
}

@article{barabasi2002evolution,
  title={Evolution of the social network of scientific collaborations},
  author={Barab{\^a}si, Albert-Laszlo and Jeong, Hawoong and N{\'e}da, Zoltan and Ravasz, Erzsebet and Schubert, Andras and Vicsek, Tamas},
  journal={Physica A: Statistical mechanics and its applications},
  volume={311},
  number={3},
  pages={590--614},
  year={2002},
  publisher={Elsevier}
}

@article{leicht2006vertex,
  title={Vertex similarity in networks},
  author={Leicht, Elizabeth A and Holme, Petter and Newman, Mark EJ},
  journal={Physical Review E},
  volume={73},
  number={2},
  pages={026120},
  year={2006},
  publisher={APS}
}

@article{zhou2009predicting,
  title={Predicting missing links via local information},
  author={Zhou, Tao and L{\"u}, Linyuan and Zhang, Yi-Cheng},
  journal={The European Physical Journal B-Condensed Matter and Complex Systems},
  volume={71},
  number={4},
  pages={623--630},
  year={2009},
  publisher={Springer}
}

@article{ravasz2002hierarchical,
  title={Hierarchical organization of modularity in metabolic networks},
  author={Ravasz, Erzs{\'e}bet and Somera, Anna Lisa and Mongru, Dale A and Oltvai, Zolt{\'a}n N and Barab{\'a}si, A-L},
  journal={science},
  volume={297},
  number={5586},
  pages={1551--1555},
  year={2002},
  publisher={American Association for the Advancement of Science}
}

@article{katz1953new,
  title={A new status index derived from sociometric analysis},
  author={Katz, Leo},
  journal={Psychometrika},
  volume={18},
  number={1},
  pages={39--43},
  year={1953},
  publisher={Springer}
}

@article{lu2009similarity,
  title={Similarity index based on local paths for link prediction of complex networks},
  author={L{\"u}, Linyuan and Jin, Ci-Hang and Zhou, Tao},
  journal={Physical Review E},
  volume={80},
  number={4},
  pages={046122},
  year={2009},
  publisher={APS}
}

@article{sorensen1948method,
  title={A method of establishing groups of equal amplitude in plant sociology based on similarity of species and its application to analyses of the vegetation on Danish commons},
  author={S{\o}rensen, Thorvald},
  journal={Biol. Skr.},
  volume={5},
  pages={1--34},
  year={1948}
}

@article{salton1986introduction,
  title={Introduction to modern information retrieval},
  author={Salton, Gerard and McGill, Michael J},
  year={1986},
  publisher={McGraw-Hill, Inc.}
}



@article{adamic2003friends,
  title={Friends and neighbors on the web},
  author={Adamic, Lada A and Adar, Eytan},
  journal={Social networks},
  volume={25},
  number={3},
  pages={211--230},
  year={2003},
  publisher={Elsevier}
}

@inproceedings{pfeiffer2010probabilistic,
  title={Probabilistic paths and centrality in time},
  author={Pfeiffer, Joseph J and Neville, Jennifer},
  booktitle={In Proceedings of the 4th SNA-KDD Workshop, KDD},
  year={2010}
}

@article{shetty2004enron,
  title={The Enron email dataset database schema and brief statistical report},
  author={Shetty, Jitesh and Adibi, Jafar}
}

@article{krogan2006global,
  title={Global landscape of protein complexes in the yeast Saccharomyces cerevisiae},
  author={Krogan, Nevan J and Cagney, Gerard and Yu, Haiyuan and Zhong, Gouqing and Guo, Xinghua and Ignatchenko, Alexandr and Li, Joyce and Pu, Shuye and Datta, Nira and Tikuisis, Aaron P and others},
  journal={Nature},
  volume={440},
  number={7084},
  pages={637},
  year={2006},
  publisher={Nature Publishing Group}
}

@article{lu2011link,
  title={Link prediction in complex networks: A survey},
  author={L{\"u}, Linyuan and Zhou, Taoa},
  journal={Physica A: statistical mechanics and its applications},
  volume={390},
  number={6},
  pages={1150--1170},
  year={2011},
  publisher={Elsevier}
}

@article{salton1986introduction,
  title={Introduction to modern information retrieval},
  author={Salton, Gerard and McGill, Michael J},
  year={1986},
  publisher={McGraw-Hill, Inc.}
}

@article{jaccard1901etude,
  title={{\'E}tude comparative de la distribution florale dans une portion des Alpes et des Jura},
  author={Jaccard, Paul},
  journal={Bull Soc Vaudoise Sci Nat},
  volume={37},
  pages={547--579},
  year={1901}
}

@article{adamic2003friends,
  title={Friends and neighbors on the web},
  author={Adamic, Lada A and Adar, Eytan},
  journal={Social networks},
  volume={25},
  number={3},
  pages={211--230},
  year={2003},
  publisher={Elsevier}
}

@article{zhou2009predicting,
  title={Predicting missing links via local information},
  author={Zhou, Tao and L{\"u}, Linyuan and Zhang, Yi-Cheng},
  journal={The European Physical Journal B-Condensed Matter and Complex Systems},
  volume={71},
  number={4},
  pages={623--630},
  year={2009},
  publisher={Springer}
}

@article{liu2011link,
  title={Link prediction in complex networks: A local na{\"\i}ve Bayes model},
  author={Liu, Zhen and Zhang, Qian-Ming and L{\"u}, Linyuan and Zhou, Tao},
  journal={EPL (Europhysics Letters)},
  volume={96},
  number={4},
  pages={48007},
  year={2011},
  publisher={IOP Publishing}
}

@article{tan2014link,
  title={Link prediction in complex networks: a mutual information perspective},
  author={Tan, Fei and Xia, Yongxiang and Zhu, Boyao},
  journal={PloS one},
  volume={9},
  number={9},
  pages={e107056},
  year={2014},
  publisher={Public Library of Science}
}

@article{lu2010link,
  title={Link prediction in weighted networks: The role of weak ties},
  author={L{\"u}, Linyuan and Zhou, Tao},
  journal={EPL (Europhysics Letters)},
  volume={89},
  number={1},
  pages={18001},
  year={2010},
  publisher={IOP Publishing}
}

@article{zhu2016link,
  title={Link prediction in weighted networks: A weighted mutual information model},
  author={Zhu, Boyao and Xia, Yongxiang},
  journal={PloS one},
  volume={11},
  number={2},
  pages={e0148265},
  year={2016},
  publisher={Public Library of Science}
}

@article{ahmed2016efficient,
  title={An efficient algorithm for link prediction in temporal uncertain social networks},
  author={Ahmed, Nahla Mohamed and Chen, Ling},
  journal={Information Sciences},
  volume={331},
  pages={120--136},
  year={2016},
  publisher={Elsevier}
}

@inproceedings{mallek2016evidential,
  title={Evidential Missing Link Prediction in Uncertain Social Networks},
  author={Mallek, Sabrine and Boukhris, Imen and Elouedi, Zied and Lefevre, Eric},
  booktitle={International Conference on Information Processing and Management of Uncertainty in Knowledge-Based Systems},
  pages={274--285},
  year={2016},
  organization={Springer}
}

@inproceedings{murata2007link,
  title={Link prediction of social networks based on weighted proximity measures},
  author={Murata, Tsuyoshi and Moriyasu, Sakiko},
  booktitle={Proceedings of the IEEE/WIC/ACM international conference on web intelligence},
  pages={85--88},
  year={2007},
  organization={IEEE Computer Society}
}

@article{newman2001clustering,
  title={Clustering and preferential attachment in growing networks},
  author={Newman, Mark EJ},
  journal={Physical review E},
  volume={64},
  number={2},
  pages={025102},
  year={2001},
  publisher={APS}
}



@book{Knuth68:art_of_programming,
  author    = {Donald E. Knuth},
  title     = {{The Art of Computer Programming, Volume {I:} Fundamental Algorithms}},
  year      = {1968},
  publisher = {Addison-Wesley}
}

@article{raghavan2007near,
  title={Near linear time algorithm to detect community structures in large-scale networks},
  author={Raghavan, Usha Nandini and Albert, R{\'e}ka and Kumara, Soundar},
  journal={Physical review E},
  volume={76},
  number={3},
  pages={036106},
  year={2007},
  publisher={APS}
}

@inproceedings{pizzuti2008ga,
  title={GA-Net: A Genetic Algorithm for Community Detection in Social Networks.},
  author={Pizzuti, Clara},
  organization={Springer}
}

@article{blondel2008fast,
  title={Fast unfolding of communities in large networks},
  author={Blondel, Vincent D and Guillaume, Jean-Loup and Lambiotte, Renaud and Lefebvre, Etienne},
  journal={Journal of statistical mechanics: theory and experiment},
  volume={2008},
  number={10},
  pages={P10008},
  year={2008},
  publisher={IOP Publishing}
}

@article{clauset2004finding,
  title={Finding community structure in very large networks},
  author={Clauset, Aaron and Newman, Mark EJ and Moore, Cristopher},
  journal={Physical review E},
  volume={70},
  number={6},
  pages={066111},
  year={2004},
  publisher={APS}
}

@article{newman2004fast,
  title={Fast algorithm for detecting community structure in networks},
  author={Newman, Mark E},
  journal={Physical review E},
  volume={69},
  number={6},
  pages={066133},
  year={2004},
  publisher={APS}
}

@article{kernighan1970efficient,
  title={An efficient heuristic procedure for partitioning graphs},
  author={Kernighan, Brian W and Lin, Shen},
  journal={The Bell system technical journal},
  volume={49},
  number={2},
  pages={291--307},
  year={1970},
  publisher={Alcatel-Lucent}
}

@article{newman2013community,
  title={Community detection and graph partitioning},
  author={Newman, Mark EI},
  journal={EPL (Europhysics Letters)},
  volume={103},
  number={2},
  pages={28003},
  year={2013},
  publisher={IOP Publishing}
}

@article{bedi2016community,
  title={Community detection in social networks},
  author={Bedi, Punam and Sharma, Chhavi},
  journal={Wiley Interdisciplinary Reviews: Data Mining and Knowledge Discovery},
  volume={6},
  number={3},
  pages={115--135},
  year={2016},
  publisher={Wiley Online Library}
}

@inproceedings{cao2015improved,
  title={An improved collaborative filtering recommendation algorithm based on community detection in social networks},
  author={Cao, Cen and Ni, Qingjian and Zhai, Yuqing},
  booktitle={Proceedings of the 2015 Annual Conference on Genetic and Evolutionary Computation},
  pages={1--8},
  year={2015},
  organization={ACM}
}

@article{flake2002self,
  title={Self-organization and identification of web communities},
  author={Flake, Gary William and Lawrence, Steve and Giles, C Lee and Coetzee, Frans M},
  journal={Computer},
  volume={35},
  number={3},
  pages={66--70},
  year={2002},
  publisher={IEEE}
}

@article{williams2000simple,
  title={Simple rules yield complex food webs},
  author={Williams, Richard J and Martinez, Neo D},
  journal={Nature},
  volume={404},
  number={6774},
  pages={180--183},
  year={2000},
  publisher={Nature Publishing Group}
}

@article{albert1999internet,
  title={Internet: Diameter of the world-wide web},
  author={Albert, R{\'e}ka and Jeong, Hawoong and Barab{\'a}si, Albert-L{\'a}szl{\'o}},
  journal={nature},
  volume={401},
  number={6749},
  pages={130--131},
  year={1999},
  publisher={Nature Publishing Group}
}

@article{broder2000graph,
  title={Graph structure in the web},
  author={Broder, Andrei and Kumar, Ravi and Maghoul, Farzin and Raghavan, Prabhakar and Rajagopalan, Sridhar and Stata, Raymie and Tomkins, Andrew and Wiener, Janet},
  journal={Computer networks},
  volume={33},
  number={1},
  pages={309--320},
  year={2000},
  publisher={Elsevier}
}

@article{shetty2004enron,
  title={The Enron email dataset database schema and brief statistical report},
  author={Shetty, Jitesh and Adibi, Jafar}
}

@article{nascimento2003analysis,
  title={Analysis of SIGMOD's co-authorship graph},
  author={Nascimento, Mario A and Sander, J{\"o}rg and Pound, Jeffrey},
  journal={ACM Sigmod record},
  volume={32},
  number={3},
  pages={8--10},
  year={2003},
  publisher={ACM}
}

@article{leskovec2007graph,
  title={Graph evolution: Densification and shrinking diameters},
  author={Leskovec, Jure and Kleinberg, Jon and Faloutsos, Christos},
  journal={ACM Transactions on Knowledge Discovery from Data (TKDD)},
  volume={1},
  number={1},
  pages={2},
  year={2007},
  publisher={ACM}
}

@article{wu2012local,
  title={Local community detection using link similarity},
  author={Wu, Ying-Jun and Huang, Han and Hao, Zhi-Feng and Chen, Feng},
  journal={Journal of computer science and technology},
  volume={27},
  number={6},
  pages={1261},
  year={2012},
  publisher={Springer Science \& Business Media}
}

@inproceedings{chen2009detecting,
  title={Detecting communities in large networks by iterative local expansion},
  author={Chen, Jiyang and Zaiane, Osmar R and Goebel, Randy},
  booktitle={Computational Aspects of Social Networks, 2009. CASON'09. International Conference on},
  pages={105--112},
  year={2009},
  organization={IEEE}
}

@article{krogan2006global,
  title={Global landscape of protein complexes in the yeast Saccharomyces cerevisiae},
  author={Krogan, Nevan J and Cagney, Gerard and Yu, Haiyuan and Zhong, Gouqing and Guo, Xinghua and Ignatchenko, Alexandr and Li, Joyce and Pu, Shuye and Datta, Nira and Tikuisis, Aaron P and others},
  journal={Nature},
  volume={440},
  number={7084},
  pages={637--643},
  year={2006},
  publisher={Nature Publishing Group}
}

@article{martin2016structural,
  title={Structural inference for uncertain networks},
  author={Martin, Travis and Ball, Brian and Newman, Mark EJ},
  journal={Physical Review E},
  volume={93},
  number={1},
  pages={012306},
  year={2016},
  publisher={APS}
}

@article{zachary1977information,
  title={An information flow model for conflict and fission in small groups},
  author={Zachary, Wayne W},
  journal={Journal of anthropological research},
  volume={33},
  number={4},
  pages={452--473},
  year={1977},
  publisher={University of New Mexico}
}

@article{lancichinetti2009benchmarks,
  title={Benchmarks for testing community detection algorithms on directed and weighted graphs with overlapping communities},
  author={Lancichinetti, Andrea and Fortunato, Santo},
  journal={Physical Review E},
  volume={80},
  number={1},
  pages={016118},
  year={2009},
  publisher={APS}
}

@article{girvan2002community,
  title={Community structure in social and biological networks},
  author={Girvan, Michelle and Newman, Mark EJ},
  journal={Proceedings of the national academy of sciences},
  volume={99},
  number={12},
  pages={7821--7826},
  year={2002},
  publisher={National Acad Sciences}
}

@inproceedings{chen2009local,
  title={Local community identification in social networks},
  author={Chen, Jiyang and Za{\"\i}ane, Osmar and Goebel, Randy},
  booktitle={Social Network Analysis and Mining, 2009. ASONAM'09. International Conference on Advances in},
  pages={237--242},
  year={2009},
  organization={IEEE}
}

@article{clauset2005finding,
  title={Finding local community structure in networks},
  author={Clauset, Aaron},
  journal={Physical review E},
  volume={72},
  number={2},
  pages={026132},
  year={2005},
  publisher={APS}
}

@inproceedings{bonchi2014core,
  title={Core decomposition of uncertain graphs},
  author={Bonchi, Francesco and Gullo, Francesco and Kaltenbrunner, Andreas and Volkovich, Yana},
  booktitle={Proceedings of the 20th ACM SIGKDD international conference on Knowledge discovery and data mining},
  pages={1316--1325},
  year={2014},
  organization={ACM}
}

@inproceedings{dahlin2011method,
  title={A method for community detection in uncertain networks},
  author={Dahlin, Johan and Svenson, Pontus},
  booktitle={Intelligence and Security Informatics Conference (EISIC), 2011 European},
  pages={155--162},
  year={2011},
  organization={IEEE}
}

@article{kollios2013clustering,
  title={Clustering large probabilistic graphs},
  author={Kollios, George and Potamias, Michalis and Terzi, Evimaria},
  journal={IEEE Transactions on Knowledge and Data Engineering},
  volume={25},
  number={2},
  pages={325--336},
  year={2013},
  publisher={IEEE}
}

@article{liureliable,
  title={Reliable Clustering on Uncertain Graphs},
  author={Liu, Lin and Jin, Ruoming and Aggarwal, Charu and Shen, Yelong}
}

@techreport{potamias2009nearest,
  title={Nearest-neighbor queries in probabilistic graphs},
  author={Potamias, Michalis and Bonchi, Francesco and Gionis, Aristides and Kollios, George},
  year={2009},
  institution={Boston University Computer Science Department}
}

@inproceedings{pfeiffer2010probabilistic,
  title={Probabilistic paths and centrality in time},
  author={Pfeiffer, Joseph J and Neville, Jennifer},
  booktitle={In Proceedings of the 4th SNA-KDD Workshop, KDD},
  year={2010}
}

@inproceedings{pfeiffer2011methods,
  title={Methods to Determine Node Centrality and Clustering in Graphs with Uncertain Structure.},
  author={Pfeiffer III, Joseph J and Neville, Jennifer},
  booktitle={ICWSM},
  year={2011}
}

@article{adar2007managing,
  title={Managing uncertainty in social networks.},
  author={Adar, Eytan and Re, Christopher},
  journal={IEEE Data Eng. Bull.},
  volume={30},
  number={2},
  pages={15--22},
  year={2007}
}

@inproceedings{sevon2006link,
  title={Link discovery in graphs derived from biological databases},
  author={Sevon, Petteri and Eronen, Lauri and Hintsanen, Petteri and Kulovesi, Kimmo and Toivonen, Hannu},
  booktitle={International Workshop on Data Integration in the Life Sciences},
  pages={35--49},
  year={2006},
  organization={Springer}
}

@article{frank1969shortest,
  title={Shortest paths in probabilistic graphs},
  author={Frank, Harary},
  journal={operations research},
  volume={17},
  number={4},
  pages={583--599},
  year={1969},
  publisher={INFORMS}
}

@article{dotson1979new,
  title={A new analysis technique for probabilistic graphs},
  author={Dotson, W and Gobien, J},
  journal={IEEE Transactions on circuits and systems},
  volume={26},
  number={10},
  pages={855--865},
  year={1979},
  publisher={IEEE}
}

@article{evans1976maximum,
  title={Maximum flow in probabilistic graphs-the discrete case},
  author={Evans, JR},
  journal={Networks},
  volume={6},
  number={2},
  pages={161--183},
  year={1976},
  publisher={Wiley Online Library}
}

@article{zou2010mining,
  title={Mining frequent subgraph patterns from uncertain graph data},
  author={Zou, Zhaonian and Li, Jianzhong and Gao, Hong and Zhang, Shuo},
  journal={IEEE Transactions on Knowledge and Data Engineering},
  volume={22},
  number={9},
  pages={1203--1218},
  year={2010},
  publisher={IEEE}
}

@inproceedings{zou2010finding,
  title={Finding top-k maximal cliques in an uncertain graph},
  author={Zou, Zhaonian and Li, Jianzhong and Gao, Hong and Zhang, Shuo},
  booktitle={Data Engineering (ICDE), 2010 IEEE 26th International Conference on},
  pages={649--652},
  year={2010},
  organization={IEEE}
}

@inproceedings{zou2010discovering,
  title={Discovering frequent subgraphs over uncertain graph databases under probabilistic semantics},
  author={Zou, Zhaonian and Gao, Hong and Li, Jianzhong},
  booktitle={Proceedings of the 16th ACM SIGKDD international conference on Knowledge discovery and data mining},
  pages={633--642},
  year={2010},
  organization={ACM}
}

@book{tarjan1983data,
  title={Data structures and network algorithms},
  author={Tarjan, Robert Endre},
  year={1983},
  publisher={SIAM}
}

@article{eppstein1998finding,
  title={Finding the k shortest paths},
  author={Eppstein, David},
  journal={SIAM Journal on computing},
  volume={28},
  number={2},
  pages={652--673},
  year={1998},
  publisher={SIAM}
}

@article{potamias2010k,
  title={K-nearest neighbors in uncertain graphs},
  author={Potamias, Michalis and Bonchi, Francesco and Gionis, Aristides and Kollios, George},
  journal={Proceedings of the VLDB Endowment},
  volume={3},
  number={1-2},
  pages={997--1008},
  year={2010},
  publisher={VLDB Endowment}
}

@article{dijkstra1959note,
  title={A note on two problems in connexion with graphs},
  author={Dijkstra, Edsger W},
  journal={Numerische mathematik},
  volume={1},
  number={1},
  pages={269--271},
  year={1959},
  publisher={Springer}
}